@report{mlirl-def,
    author = "Monica C. Vroman",
    title = "Maximum Likelihood Inverse Reinforcement Learning",
    pages = "41",
    chapter = "4",
    year = "2014",
    DOI = "http://cs.brown.edu/~mlittman/theses/babes.pdf",
}